

@book{ALG1,

AUTHOR = {Andronov, A. A. and Leontovich, E. A. and Gordon, I. I. and

Maier, A. G.},

TITLE = {Qualitative theory of second-order dynamic systems},

NOTE = {Translated from the Russian by D. Louvish},

PUBLISHER = {Halsted Press (A division of John Wiley\ %
\& Sons), New

York-Toronto, Ont.},

YEAR = {1973},

PAGES = {xxiii+524},

}



@book {ALG2,

AUTHOR = {Andronov, A. A. and Leontovich, E. A. and Gordon, I. I. and

Maier, A. G.},

TITLE = {Theory of bifurcations of dynamic systems on a plane},

NOTE = {Translated from the Russian by D. Louvish},

PUBLISHER = {Halsted Press [A division of John Wiley\ %
\& Sons], New

York-Toronto, Ont.},

YEAR = {1973},

PAGES = {xiv+482},

}



@book {Ar1,

AUTHOR = {Arnold, W. I.},

TITLE = {Równania różniczkowe zwyczajne},

NOTE = {Translated from the first Russian edition by Alicja Derkowska

and Gabriel Derkowski},

PUBLISHER = {Państwowe Wydawnictwo Naukowe (PWN)},

ADDRESS = {Warszawa},

YEAR = {1975},

PAGES = {264},

}



@book {Ar2,

AUTHOR = {Arnold, W. I.},

TITLE = {Teoria równań różniczkowych},

NOTE = {Translated from the Russian by Maciej Wojtkowski},

PUBLISHER = {Państwowe Wydawnictwo Naukowe (PWN)},

ADDRESS = {Warszawa},

YEAR = {1983},

PAGES = {299},

}



@book {Ar3,

AUTHOR = {Arnold, W. I.},

TITLE = {Metody matematyczne mechaniki klasycznej},

NOTE = {Translated from the Russian by Piotr Kucharczyk},

PUBLISHER = {Państwowe Wydawnictwo Naukowe (PWN)},

ADDRESS = {Warszawa},

YEAR = {1981},

PAGES = {430 },

}




@book {ArPl,

AUTHOR = {Arrowsmith, D. K. and Place, C. M.},

TITLE = {Ordinary differential equations. A qualitative approach with applications},

SERIES = {Chapman and Hall Mathematics Series},

PUBLISHER = {Chapman\ \& Hall},

ADDRESS = {London},

YEAR = {1982},

PAGES = {ix+252},

}



@book {BaLe,

AUTHOR = {Bautin, N. N. and Leontovich, E. A.},

TITLE = {Metody i priemy kachestvennogo issledovaniya dinamicheskikh

sistem na ploskosti},

SERIES = { Spravochnaya Matematicheskaya
Biblioteka },

VOLUME = {11},

PUBLISHER = {Nauka},

ADDRESS = {Moscow},

YEAR = {1990},

PAGES = {488},

}



@book {BNF,

AUTHOR = {Butenin, N. V. and Neimark, Yu. I. and Fufaev, N. A.},

TITLE = {Vvedenie v teoriyu nelineinykh kolebanii},

PUBLISHER = { Nauka },

ADDRESS = {Moscow},

YEAR = {1987},

PAGES = {383},

}



@book {Dev,

AUTHOR = {Devaney, R. L.},

TITLE = {An introduction to chaotic dynamical systems},

PUBLISHER = {The Benjamin/Cummings Publishing Co. Inc.},

ADDRESS = {Menlo Park, CA},

YEAR = {1986},

PAGES = {xiv+320},

}


@book {Fil,

AUTHOR = {Filippov, A. F.},

TITLE = {Sbornik zadach po differentsialnym uravneniyam},

PUBLISHER = {Nauka},

ADDRESS = {Moscow},

YEAR = {1973},

PAGES = { 128},

}


@book {GuHo,

AUTHOR = {Guckenheimer, J. and Holmes, P.},

TITLE = {Nonlinear oscillations, dynamical systems, and bifurcations of

vector fields},

SERIES = {Applied Mathematical Sciences},

VOLUME = {42},

PUBLISHER = {Springer-Verlag},

ADDRESS = {New York},

YEAR = {1990},

PAGES = {xvi+459},

}



@book {Hale,

AUTHOR = {Hale, J. K.},

TITLE = {Ordinary differential equations},

EDITION = {Second},

PUBLISHER = {Robert E. Krieger Publishing Co. Inc.},

ADDRESS = {Huntington, N.Y.},

YEAR = {1980},

PAGES = {xvi+361},

}


@book {Hart,

AUTHOR = {Hartman, P.},

TITLE = {Ordinary differential equations},

SERIES = {Classics in Applied Mathematics},

VOLUME = {38},

PUBLISHER = {Society for Industrial and Applied Mathematics (SIAM)},

ADDRESS = {Philadelphia, PA},

YEAR = {2002},

PAGES = {xx+612},

}


@book {MaMc,

AUTHOR = {Marsden, J. E. and McCracken, M.},

TITLE = {The Hopf bifurcation and its applications},

NOTE = {With contributions by P. Chernoff, G. Childs, S. Chow, J. R.

Dorroh, J. Guckenheimer, L. Howard, N. Kopell, O. Lanford, J.

Mallet-Paret, G. Oster, O. Ruiz, S. Schecter, D. Schmidt and

S. Smale,

Applied Mathematical Sciences, Vol. 19},

PUBLISHER = {Springer-Verlag},

ADDRESS = {New York},

YEAR = {1976},

PAGES = {xiii+408},
}



@book {Pal,

AUTHOR = {Palczewski, A.},

TITLE = {Równania różniczkowe zwyczajne},

PUBLISHER = { Wydawnictwa Naukowo--Techniczne (WNT)},

ADDRESS = {Warszawa},

YEAR = {1999},

PAGES = {386 },

}



@book {Pon,

AUTHOR = {Pontrjagin, L. S.},

TITLE = {Równania różniczkowe zwyczajne},

PUBLISHER = { Państwowe Wydawnictwo Naukowe (PWN)},

ADDRESS = {Warszawa},

YEAR = {1964},

PAGES = {386 },

}


@book {Rob,

AUTHOR = {Robinson, C.},

TITLE = {Dynamical systems. Stability, symbolic dynamics, and chaos},

SERIES = {Studies in Advanced Mathematics},

PUBLISHER = {CRC Press},

ADDRESS = {Boca Raton, FL},

YEAR = {1995},

PAGES = {xii+468},

}


@book {Szl,

AUTHOR = {Szlenk, W.},

TITLE = {Wstêp do teorii gładkich układów
dynamicznych},

SERIES = {Biblioteka Matematyczna },

VOLUME = {56},

PUBLISHER = {Państwowe Wydawnictwo Naukowe (PWN)},

ADDRESS = {Warszawa},

YEAR = {1982},

PAGES = {276 pp.},

}



@article {Zol1,

AUTHOR = {Żołądek, H.},

TITLE = {Twierdzenie Kołmogorowa--Arnolda--Mosera i ograniczony
problem trzech ciał},

JOURNAL = {Wiadomomości Matematyczne},


VOLUME = {29},

YEAR = {1990},

PAGES = {47--56},
}


@book {Zol2,

AUTHOR = {Żołądek, H.},

TITLE = {The monodromy group},

SERIES = {Instytut Matematyczny Polskiej Akademii Nauk. Monografie

Matematyczne (New Series) [Mathematics Institute of the Polish

Academy of Sciences. Mathematical Monographs (New Series)]},

VOLUME = {67},

PUBLISHER = {Birkh\"{a}user Verlag},

ADDRESS = {Basel},

YEAR = {2006},

PAGES = {xii+580},

}